@article{ni2016whiteboard,
  title={Whiteboard Scanning Using Super-Resolution},
  author={Ni, Wode},
  journal={Dickinson College Honors Theses},
  number={Paper 221},
  year={2016}
}